<?xml version="1.0" encoding="UTF-8"?><collection xmlns="http://www.loc.gov/MARC21/slim"><record><leader>00474nam--2200157-i-4500</leader><controlfield tag="001">000005132</controlfield><controlfield tag="002">20161230</controlfield><controlfield tag="005">20161230201026</controlfield><controlfield tag="008">060222s1000------------r-----000-0-eng-d</controlfield><datafield ind1=" " ind2=" " tag="080"><subfield code="a">51.061.3</subfield></datafield><datafield ind1=" " ind2=" " tag="100"><subfield code="a">Bourbaki</subfield></datafield><datafield ind1=" " ind2=" " tag="245"><subfield code="a">Seminaire bourbaki.6e annee. 1953/1954 textes des conferences. exposes 84-100, 2e edition corrigee</subfield></datafield><datafield ind1=" " ind2=" " tag="260"><subfield code="a">Paris, Secretariat Mathematique, 1959</subfield></datafield><datafield ind1=" " ind2=" " tag="490"><subfield code="a">Faculte Des Sciences De Paris</subfield></datafield><datafield ind1=" " ind2=" " tag="852"><subfield code="a">15690</subfield></datafield><datafield ind1=" " ind2=" " tag="CAT"><subfield code="a">Sys</subfield><subfield code="c">20080402</subfield><subfield code="h">144334</subfield></datafield></record></collection>